@InProceedings{Illumina2000,
  author   = {Illumina},
  title    = {HiSeq 2000 Sequencing System},
  year     = {2000},
  abstract = {HiSeq 2000 redefines the trajectory of sequencing by combining innovative engineering with proven sequencing by synthesis chemistry to set new standards for output, simplicity, and cost-effectiveness. With HiSeq 2000, the ability to process larger numbers of samples and to decode larger and more complex genomes means that virtually any sequencing project is now within reach.},
  file     = {:C\:/Users/matth/OneDrive/Desktop/Msc Bioinformatics/!MMB5010 DISSERTATION-DESKTOP-A2009SI/Literature/Tools/HiSeq 2000 Sequencing System (Illumina.pdf:PDF},
  groups   = {Tools},
}

@InProceedings{Dobin2019,
  author = {Alexander Dobin},
  title  = {{STAR} manual 2.7.0a},
  year   = {2019},
  file   = {:C\:/Users/matth/OneDrive/Desktop/Msc Bioinformatics/!MMB5010 DISSERTATION-DESKTOP-A2009SI/Literature/Tools/STARmanual.pdf:PDF},
  groups = {Tools},
}

@Article{Soneson2013,
  author    = {Charlotte Soneson and Mauro Delorenzi},
  journal   = {{BMC} Bioinformatics},
  title     = {A comparison of methods for differential expression analysis of {RNA}-seq data},
  year      = {2013},
  month     = {mar},
  number    = {1},
  volume    = {14},
  doi       = {10.1186/1471-2105-14-91},
  file      = {:C\:/Users/matth/OneDrive/Desktop/Msc Bioinformatics/!MMB5010 DISSERTATION-DESKTOP-A2009SI/Literature/RNA seq practices/Differenial expression/A comparison of methods for differential analysis 2014.pdf:PDF},
  groups    = {RNAseq reviews},
  keywords  = {Differential expression, Gene expression, RNA-seq},
  publisher = {Springer Science and Business Media {LLC}},
  rights    = {ï¿½ 2013 Soneson and Delorenzi; licensee BioMed Central Ltd.},
}

@Article{Lin2016,
  author    = {Yanzhu Lin and Kseniya Golovnina and Zhen-Xia Chen and Hang Noh Lee and Yazmin L. Serrano Negron and Hina Sultana and Brian Oliver and Susan T. Harbison},
  journal   = {{BMC} Genomics},
  title     = {Comparison of normalization and differential expression analyses using {RNA}-Seq data from 726 individual Drosophila melanogaster},
  year      = {2016},
  month     = {jan},
  number    = {1},
  volume    = {17},
  abstract  = {BMC Genomics, 2015, doi:10.1186/s12864-015-2353-z},
  doi       = {10.1186/s12864-015-2353-z},
  file      = {:C\:/Users/matth/OneDrive/Desktop/Msc Bioinformatics/!MMB5010 DISSERTATION-DESKTOP-A2009SI/Literature/RNA seq practices/Differenial expression/Comparison of normalization and differential expression alaysis 2016.pdf:PDF},
  groups    = {RNAseq reviews},
  keywords  = {RNA-Seq, Differential expression analysis, Drosophila melanogaster},
  publisher = {Springer Science and Business Media {LLC}},
}

@Article{Teng2016second,
  author  = {Matthew Pace},
  journal = {Genome Biology},
  title   = {A benchmark for quantification pipelines},
  year    = {2017},
  volume  = {17},
}

@Article{Conesa2016,
  author    = {Ana Conesa and Pedro Madrigal and Sonia Tarazona and David Gomez-Cabrero and Alejandra Cervera and Andrew McPherson and Micha{\l} Wojciech Szcze{\'{s}}niak and Daniel J. Gaffney and Laura L. Elo and Xuegong Zhang and Ali Mortazavi},
  journal   = {Genome Biology},
  title     = {A survey of best practices for {RNA}-seq data analysis},
  year      = {2016},
  month     = {jan},
  number    = {1},
  volume    = {17},
  abstract  = {Genome Biology, 2016, doi:10.1186/s13059-016-0881-8},
  doi       = {10.1186/s13059-016-0881-8},
  file      = {:C\:/Users/matth/OneDrive/Desktop/Msc Bioinformatics/!MMB5010 DISSERTATION-DESKTOP-A2009SI/Literature/RNA seq practices/A survey of best practices for RNA-seq data 2016.pdf:PDF},
  groups    = {RNAseq reviews},
  publisher = {Springer Science and Business Media {LLC}},
}

@Article{Srivastava2020,
  author    = {Avi Srivastava and Laraib Malik and Hirak Sarkar and Mohsen Zakeri and Fatemeh Almodaresi and Charlotte Soneson and Michael I. Love and Carl Kingsford and Rob Patro},
  journal   = {Genome Biology},
  title     = {Alignment and mapping methodology influence transcript abundance estimation},
  year      = {2020},
  month     = {sep},
  number    = {1},
  volume    = {21},
  abstract  = {Genome Biology, 2020, doi:10.1186/s13059-020-02151-8},
  doi       = {10.1186/s13059-020-02151-8},
  file      = {:C\:/Users/matth/OneDrive/Desktop/Msc Bioinformatics/!MMB5010 DISSERTATION-DESKTOP-A2009SI/Literature/RNA seq practices/Alignment and mapping methodology on transcript abundance 2020.pdf:PDF},
  groups    = {RNAseq reviews},
  keywords  = {RNA-seq, Read-alignment, Quantification},
  publisher = {Springer Science and Business Media {LLC}},
}

@InProceedings{Tian0081,
  author   = {Geng Tian},
  title    = {Assessing the Impact of Data Preprocessing on Analyzing Next Generation Sequencing Data},
  year     = {0081},
  abstract = {Data quality control and preprocessing are often the first step in processing next-generation sequencing (NGS) data of tumors.},
  file     = {:C\:/Users/matth/OneDrive/Desktop/Msc Bioinformatics/!MMB5010 DISSERTATION-DESKTOP-A2009SI/Literature/RNA seq practices/Assessing the Impact of Data Preprocessing on Analyzing Next Generation Sequencing Data 2020.pdf:PDF},
  groups   = {RNAseq reviews},
  keywords = {the next generation sequencing, data preprocessing, mutation, cancer, HLA typing},
}

@Article{Everaert2017,
  author    = {Celine Everaert and Manuel Luypaert and Jesper L. V. Maag and Quek Xiu Cheng and Marcel E. Dinger and Jan Hellemans and Pieter Mestdagh},
  journal   = {Scientific Reports},
  title     = {Benchmarking of {RNA}-sequencing analysis workflows using whole-transcriptome {RT}-{qPCR} expression data},
  year      = {2017},
  month     = {may},
  number    = {1},
  volume    = {7},
  abstract  = {Scientific Reports, doi:10.1038/s41598-017-01617-3},
  doi       = {10.1038/s41598-017-01617-3},
  file      = {:C\:/Users/matth/OneDrive/Desktop/Msc Bioinformatics/!MMB5010 DISSERTATION-DESKTOP-A2009SI/Literature/RNA seq practices/Benchmarking of RNA-sequencing (alignment tool comparison) 2017.pdf:PDF},
  groups    = {RNAseq reviews},
  publisher = {Springer Science and Business Media {LLC}},
}

@InProceedings{computationalbiology2019,
  author = {Aeilko H. Zwinderman; Ali Reza Soltanian; Alysson H. Urbanski; Attila Csala; Bela Sanches; Coral Del Val; Dongmei Li; Fatemeh Bahreini; Florian Martin; Francisco Herrera; Helder I. Nakaya; Holger Husi; Igor Zwir; Xin Gao; Xindi Wu; Yassir Benhammou; Jordi Martorell-Marugan; Zainab Usman; Xiangrui Zeng},
  title  = {Computational Biology},
  year   = {2019},
  file   = {:C\:/Users/matth/OneDrive/Desktop/Msc Bioinformatics/!MMB5010 DISSERTATION-DESKTOP-A2009SI/Literature/RNA seq practices/Computational biology (see chapter 6).pdf:PDF},
  groups = {Misc},
}

@Article{Luecken2019,
  author    = {Malte D Luecken and Fabian J Theis},
  journal   = {Molecular Systems Biology},
  title     = {Current best practices in single-cell {RNA}-seq analysis: a tutorial},
  year      = {2019},
  month     = {jun},
  number    = {6},
  volume    = {15},
  abstract  = {outline current best practices to lay a foundation for future analysis},
  doi       = {10.15252/msb.20188746},
  file      = {:C\:/Users/matth/OneDrive/Desktop/Msc Bioinformatics/!MMB5010 DISSERTATION-DESKTOP-A2009SI/Literature/RNA seq practices/luecken2019  best practices in single-cell RNA-seq analysis.pdf:PDF},
  groups    = {RNAseq reviews},
  keywords  = {analysis pipeline development; computational biology; data analy- in their respective programming languages. By extension, language},
  publisher = {{EMBO}},
}

@InProceedings{MacManes2014,
  author   = {Matthew D. MacManes},
  title    = {On the optimal trimming of high-throughput mRNA sequence data},
  year     = {2014},
  abstract = {The widespread and rapid adoption of high-throughput sequencing technologies has afforded researchers the opportunity to gain a deep understanding of genome level processes that underlie evolutionary change, and perhaps more importantly, the links between genotype and phenotype.},
  file     = {:C\:/Users/matth/OneDrive/Desktop/Msc Bioinformatics/!MMB5010 DISSERTATION-DESKTOP-A2009SI/Literature/RNA seq practices/On the optimal trimming of high-throughput mRNA sequence data 2014.pdf:PDF},
  groups   = {RNAseq reviews},
  keywords = {quality trimming, quality control, illumina, RNAseq, assembly error},
}

@TechReport{Cirillo2017,
  author   = {Elisa Cirillo, Laurence D. Parnell, Chris T. Evelo},
  title    = {A Review of Pathway-Based Analysis Tools That Visualize Genetic Variants},
  year     = {2017},
  number   = {evaluated.},
  abstract = {Pathway analysis is a powerful method for data analysis in genomics, most often applied to gene expression analysis.},
  file     = {:C\:/Users/matth/OneDrive/Desktop/Msc Bioinformatics/!MMB5010 DISSERTATION-DESKTOP-A2009SI/Literature/RNA seq practices/review of pathway analysis tools.pdf:PDF},
  groups   = {RNAseq reviews},
  keywords = {genome-wide association study, SNP, pathway analysis, epistasis, software comparison, data visualization},
}

@Article{Stark2019,
  author    = {Rory Stark and Marta Grzelak and James Hadfield},
  journal   = {Nature Reviews Genetics},
  title     = {{RNA} sequencing: the teenage years},
  year      = {2019},
  month     = {jul},
  number    = {11},
  pages     = {631--656},
  volume    = {20},
  abstract  = {Nature Reviews Genetics, doi:10.1038/s41576-019-0150-2},
  doi       = {10.1038/s41576-019-0150-2},
  file      = {:C\:/Users/matth/OneDrive/Desktop/Msc Bioinformatics/!MMB5010 DISSERTATION-DESKTOP-A2009SI/Literature/RNA seq practices/RNA sequencing the teenage years.pdf:PDF},
  groups    = {RNAseq reviews},
  publisher = {Springer Science and Business Media {LLC}},
}

@Article{Williams2017,
  author    = {Claire R. Williams and Alyssa Baccarella and Jay Z. Parrish and Charles C. Kim},
  journal   = {{BMC} Bioinformatics},
  title     = {Empirical assessment of analysis workflows for differential expression analysis of human samples using {RNA}-Seq},
  year      = {2017},
  month     = {jan},
  number    = {1},
  volume    = {18},
  abstract  = {BMC Bioinformatics, 2017, doi:10.1186/s12859-016-1457-z},
  doi       = {10.1186/s12859-016-1457-z},
  file      = {:C\:/Users/matth/OneDrive/Desktop/Msc Bioinformatics/!MMB5010 DISSERTATION-DESKTOP-A2009SI/Literature/RNA seq practices/williams2017 Assessment of analysis workflows for differential expression analysis using RNAseq.pdf:PDF},
  groups    = {RNAseq reviews},
  keywords  = {Monocytes, Classical, Nonclassical, RNA-Seq, Gene expression analysis},
  publisher = {Springer Science and Business Media {LLC}},
}

@Article{GFOLD2307a,
  author  = {Jianxing Feng, Clifford A Meyer, Qian Wang, Jun S Liu, X. Shirley Liu, and Yong Zhang},
  journal = {Bioinformatics},
  title   = {GFOLD: A and generalized fold change for ranking differentially expressed genes from RNA-seq data},
  year    = {2012},
  file    = {:C\:/Users/matth/OneDrive/Desktop/Msc Bioinformatics/!MMB5010 DISSERTATION-DESKTOP-A2009SI/Literature/RNA seq practices/Differenial expression/GFOLD a generalized fold change for ranking differentially expressed genes from RNAseq data.pdf:PDF},
  groups  = {Tools},
}

@Article{Zhang2017,
  author    = {Chi Zhang and Baohong Zhang and Lih-Ling Lin and Shanrong Zhao},
  journal   = {{BMC} Genomics},
  title     = {Evaluation and comparison of computational tools for {RNA}-seq isoform quantification},
  year      = {2017},
  month     = {aug},
  number    = {1},
  volume    = {18},
  abstract  = {BMC Genomics, 2017, doi:10.1186/s12864-017-4002-1},
  doi       = {10.1186/s12864-017-4002-1},
  file      = {:C\:/Users/matth/OneDrive/Desktop/Msc Bioinformatics/!MMB5010 DISSERTATION-DESKTOP-A2009SI/Literature/RNA seq practices/Evaluation and comparison of isoform quantification 2017.pdf:PDF},
  groups    = {RNAseq reviews},
  keywords  = {RNA-seq, Quantification, Isoform, Data analysis, RSEM, Salmon, Salfish, Kallisto},
  publisher = {Springer Science and Business Media {LLC}},
}

@Article{Maza2018a,
  author   = {Sophie Lamarre, Pierre Frasse, Mohamed Zouine, Delphine Labourdette,Elise Sainderichin, Guojian Hu, Véronique Le Berre-Anton, Mondher Bouzayen, Elie Maza},
  journal  = {Frontiers in Plant Science},
  title    = {Optimization of an RNA-Seq Differential Gene Expression Analysis Depending on Biological Replicate Number and Library Size},
  year     = {2018},
  file     = {:C\:/Users/matth/OneDrive/Desktop/Msc Bioinformatics/!MMB5010 DISSERTATION-DESKTOP-A2009SI/Literature/RNA seq practices/Optimization of an RNA-Seq Differential Gene Expression Analysis Depending on Biological Replicate Number and Library Size 2018.pdf:PDF},
  groups   = {RNAseq reviews},
  keywords = {transcriptomics, RNA-Seq, biological replicates, library size, differential gene expression analysis, power, false discovery rate, gene ontology enrichment analysis},
}

@Unpublished{,
  author = {Yang Liao; Wei Shi},
  title  = {Read trimming is not required for mapping and quantification of RNA-seq reads},
  year   = {2019},
  file   = {:C\:/Users/matth/OneDrive/Desktop/Msc Bioinformatics/!MMB5010 DISSERTATION-DESKTOP-A2009SI/Literature/RNA seq practices/Read trimming is not required for mapping and quantification of RNA-seq reads.pdf:PDF},
  groups = {Misc},
}

@Article{hrdlickova2017rna,
  author    = {Hrdlickova, Radmila and Toloue, Masoud and Tian, Bin},
  journal   = {Wiley Interdisciplinary Reviews: RNA},
  title     = {RNA-Seq methods for transcriptome analysis},
  year      = {2017},
  number    = {1},
  pages     = {e1364},
  volume    = {8},
  groups    = {RNAseq reviews},
  publisher = {Wiley Online Library},
}

@Electronic{illumina2022reads,
  author    = {{Illumina}},
  title     = {Read length recommendations},
  url       = {https://emea.illumina.com/science/technology/next-generation-sequencing/plan-experiments/read-length.html},
  year      = {2022},
  timestamp = {2022-06-02},
}

@Article{hansen2010biases,
  author    = {Hansen, Kasper D and Brenner, Steven E and Dudoit, Sandrine},
  journal   = {Nucleic acids research},
  title     = {Biases in Illumina transcriptome sequencing caused by random hexamer priming},
  year      = {2010},
  number    = {12},
  pages     = {e131--e131},
  volume    = {38},
  publisher = {Oxford University Press},
}

@Article{parekh2016impact,
  author    = {Parekh, Swati and Ziegenhain, Christoph and Vieth, Beate and Enard, Wolfgang and Hellmann, Ines},
  journal   = {Scientific reports},
  title     = {The impact of amplification on differential expression analyses by RNA-seq},
  year      = {2016},
  number    = {1},
  pages     = {1--11},
  volume    = {6},
  publisher = {Nature Publishing Group},
}

@Article{kozarewa2009amplification,
  author    = {Kozarewa, Iwanka and Ning, Zemin and Quail, Michael A and Sanders, Mandy J and Berriman, Matthew and Turner, Daniel J},
  journal   = {Nature methods},
  title     = {Amplification-free Illumina sequencing-library preparation facilitates improved mapping and assembly of (G+ C)-biased genomes},
  year      = {2009},
  number    = {4},
  pages     = {291--295},
  volume    = {6},
  publisher = {Nature Publishing Group},
}

@Article{pfeiffer2018systematic,
  author    = {Pfeiffer, Franziska; Gr{\"o}ber, Carsten; Blank, Michael; H{\"a}ndler, Kristian; Beyer, Marc; Schultze, Joachim L; Mayer, G{\"u}nter},
  journal   = {Scientific reports},
  title     = {Systematic evaluation of error rates and causes in short samples in next-generation sequencing},
  year      = {2018},
  number    = {1},
  pages     = {1--14},
  volume    = {8},
  publisher = {Nature Publishing Group},
}

@Article{benjamini2012summarizing,
  author    = {Benjamini, Yuval and Speed, Terence P},
  journal   = {Nucleic acids research},
  title     = {Summarizing and correcting the GC content bias in high-throughput sequencing},
  year      = {2012},
  number    = {10},
  pages     = {e72--e72},
  volume    = {40},
  publisher = {Oxford University Press},
}

@Article{meunier2004recombination,
  author    = {Meunier, Julien and Duret, Laurent},
  journal   = {Molecular biology and evolution},
  title     = {Recombination drives the evolution of GC-content in the human genome},
  year      = {2004},
  number    = {6},
  pages     = {984--990},
  volume    = {21},
  publisher = {Oxford University Press},
}

@Article{yakovchuk2006base,
  author    = {Yakovchuk, Peter and Protozanova, Ekaterina and Frank-Kamenetskii, Maxim D},
  journal   = {Nucleic acids research},
  title     = {Base-stacking and base-pairing contributions into thermal stability of the DNA double helix},
  year      = {2006},
  number    = {2},
  pages     = {564--574},
  volume    = {34},
  publisher = {Oxford University Press},
}

@Article{chen2022edger,
  author  = {Chen, Yunshun and McCarthy, Davis and Robinson, Mark and Smyth, Gordon K},
  journal = {Bioconductor User’s Guide},
  title   = {edgeR: differential expression analysis of digital gene expression data},
  year    = {2022},
}

@Article{khimani2005housekeeping,
  author    = {Khimani, Anis H and Mhashilkar, Abner M and Mikulskis, Alvydas and O'Malley, Michael and Liao, Jennifer and Golenko, Eva E and Mayer, Pat and Chada, Sunil and Killian, Jeffrey B and Lott, Steven T},
  journal   = {Biotechniques},
  title     = {Housekeeping genes in cancer: normalization of array data},
  year      = {2005},
  number    = {5},
  pages     = {739--745},
  volume    = {38},
  publisher = {Future Science},
}

@InCollection{fisher1925statistical,
  author    = {Fisher, Ronald Aylmer},
  publisher = {Edinburgh: Oliver and Boyd},
  title     = {Statistical methods for research workers},
  year      = {1925},
}

@Article{zhao2018many,
  author    = {Zhao, Bi and Erwin, Aqeela and Xue, Bin},
  journal   = {Genomics},
  title     = {How many differentially expressed genes: a perspective from the comparison of genotypic and phenotypic distances},
  year      = {2018},
  number    = {1},
  pages     = {67--73},
  volume    = {110},
  publisher = {Elsevier},
}

@Article{cardoso2019gene,
  author    = {Cardoso-Moreira, Margarida and Halbert, Jean and Valloton, Delphine and Velten, Britta and Chen, Chunyan and Shao, Yi and Liechti, Ang{\'e}lica and Ascen{\c{c}}{\~a}o, Kelly and Rummel, Coralie and Ovchinnikova, Svetlana and others},
  journal   = {Nature},
  title     = {Gene expression across mammalian organ development},
  year      = {2019},
  number    = {7766},
  pages     = {505--509},
  volume    = {571},
  publisher = {Nature Publishing Group},
}

@Article{handschuh2018gene,
  author    = {Handschuh, Luiza and Ka{\'z}mierczak, Maciej and Milewski, Marek C and G{\'o}ralski, Micha{\l} and {\L}uczak, Magdalena and Wojtaszewska, Marzena and Uszczy{\'n}ska-Ratajczak, Barbara and Lewandowski, Krzysztof and Komarnicki, Mieczys{\l}aw and Figlerowicz, Marek},
  journal   = {International Journal of Oncology},
  title     = {Gene expression profiling of acute myeloid leukemia samples from adult patients with AML-M1 and-M2 through boutique microarrays, real-time PCR and droplet digital PCR},
  year      = {2018},
  number    = {3},
  pages     = {656--678},
  volume    = {52},
  publisher = {Spandidos Publications},
}

@Article{ma2019comparative,
  author    = {Ma, Jing and Shojaie, Ali and Michailidis, George},
  journal   = {BMC bioinformatics},
  title     = {A comparative study of topology-based pathway enrichment analysis methods},
  year      = {2019},
  number    = {1},
  pages     = {1--14},
  volume    = {20},
  publisher = {Springer},
}

@Article{nguyen2019identifying,
  author    = {Nguyen, Tuan-Minh and Shafi, Adib and Nguyen, Tin and Draghici, Sorin},
  journal   = {Genome biology},
  title     = {Identifying significantly impacted pathways: a comprehensive review and assessment},
  year      = {2019},
  number    = {1},
  pages     = {1--15},
  volume    = {20},
  publisher = {BioMed Central},
}

@Article{ihnatova2018critical,
  author    = {Ihnatova, Ivana and Popovici, Vlad and Budinska, Eva},
  journal   = {PloS one},
  title     = {A critical comparison of topology-based pathway analysis methods},
  year      = {2018},
  number    = {1},
  pages     = {e0191154},
  volume    = {13},
  publisher = {Public Library of Science San Francisco, CA USA},
}

@Book{albert2020biostar,
  author  = {Albert, Istvan},
  title   = {The Biostar Handbook},
  year    = {2020},
  edition = {2},
}

@Article{yasuda1998structure,
  author    = {Yasuda, T and Takeshita, H and Iida, R and Tsutsumi, S and Nakajima, T and Hosomi, O and Nakashima, Y and Mori, S and Kishi, K},
  journal   = {Annals of human genetics},
  title     = {Structure and organization of the human deoxyribonuclease II (DNase II) gene},
  year      = {1998},
  number    = {4},
  pages     = {299--305},
  volume    = {62},
  publisher = {Cambridge University Press},
}

@Article{blumenthal2005inhibition,
  author    = {Blumenthal, Rosalyn D and Hansen, Hans J and Goldenberg, David M},
  journal   = {Cancer research},
  title     = {Inhibition of adhesion, invasion, and metastasis by antibodies targeting CEACAM6 (NCA-90) and CEACAM5 (Carcinoembryonic Antigen)},
  year      = {2005},
  number    = {19},
  pages     = {8809--8817},
  volume    = {65},
  publisher = {AACR},
}

@Article{orre2013s100a4,
  author    = {Orre, LM and Panizza, E and Kaminskyy, VO and Vernet, Erik and Gr{\"a}slund, Torbj{\"o}rn and Zhivotovsky, B and Lehti{\"o}, J},
  journal   = {Oncogene},
  title     = {S100A4 interacts with p53 in the nucleus and promotes p53 degradation},
  year      = {2013},
  number    = {49},
  pages     = {5531--5540},
  volume    = {32},
  publisher = {Nature Publishing Group},
}

@Article{ryckman2003proinflammatory,
  author    = {Ryckman, Carle and Vandal, Karen and Rouleau, Pascal and Talbot, Mari{\`e}ve and Tessier, Philippe A},
  journal   = {The Journal of Immunology},
  title     = {Proinflammatory activities of S100: proteins S100A8, S100A9, and S100A8/A9 induce neutrophil chemotaxis and adhesion},
  year      = {2003},
  number    = {6},
  pages     = {3233--3242},
  volume    = {170},
  publisher = {Am Assoc Immnol},
}

@Article{liao2020microrna,
  author    = {Liao, Yu and Wang, Ziyan and Wang, Lixin and Lin, Yanzhao and Ye, Ziyi and Zeng, Xufang and Wei, Fangning},
  journal   = {Biochemical and biophysical research communications},
  title     = {MicroRNA-27a-3p directly targets FosB to regulate cell proliferation, apoptosis, and inflammation responses in immunoglobulin a nephropathy},
  year      = {2020},
  number    = {4},
  pages     = {1124--1130},
  volume    = {529},
  publisher = {Elsevier},
}

@Article{al2015restoration,
  author  = {Al-jamal, H and Jusoh, S and Sidek, M and Hassan, R and Johan, M},
  journal = {J Hematol Thrombo Dis},
  title   = {Restoration of PRG2 Expression by 5-Azacytidine Involves in Sensitivity of PKC-412 (Midostaurin) Resistant FLT3-ITD Positive Acute Myeloid Leukaemia Cells},
  year    = {2015},
  number  = {1},
  pages   = {1--7},
  volume  = {3},
}

@Article{hagihara2004identification,
  author    = {Hagihara, Atsushi and Miyamoto, Kazuaki and Furuta, Junichi and Hiraoka, Nobuyoshi and Wakazono, Kuniko and Seki, Shuichi and Fukushima, Shoji and Tsao, Ming-Sound and Sugimura, Takashi and Ushijima, Toshikazu},
  journal   = {Oncogene},
  title     = {Identification of 27 5′ CpG islands aberrantly methylated and 13 genes silenced in human pancreatic cancers},
  year      = {2004},
  number    = {53},
  pages     = {8705--8710},
  volume    = {23},
  publisher = {Nature Publishing Group},
}

@Article{moog2003jaml,
  author    = {Moog-Lutz, Christel and Cav{\'e}-Riant, Florence and Guibal, Florence C and Breau, Marie A and Di Gioia, Yolande and Couraud, Pierre Olivier and Cayre, Yvon E and Bourdoulous, Sandrine and Lutz, Pierre G},
  journal   = {Blood},
  title     = {JAML, a novel protein with characteristics of a junctional adhesion molecule, is induced during differentiation of myeloid leukemia cells},
  year      = {2003},
  number    = {9},
  pages     = {3371--3378},
  volume    = {102},
  publisher = {American Society of Hematology},
}

@Article{macanas2017ccl2,
  author    = {Macanas-Pirard, Patricia and Quezada, Thomas and Navarrete, Leonardo and Broekhuizen, Richard and Leisewitz, Andrea and Nervi, Bruno and Ram{\'\i}rez, Pablo A},
  journal   = {PloS one},
  title     = {The CCL2/CCR2 axis affects transmigration and proliferation but not resistance to chemotherapy of acute myeloid leukemia cells},
  year      = {2017},
  number    = {1},
  pages     = {e0168888},
  volume    = {12},
  publisher = {Public Library of Science San Francisco, CA USA},
}

@Article{chen2017clec5a,
  author    = {Chen, Szu-Ting and Li, Fei-Ju and Hsu, Tzy-yun and Liang, Shu-Mei and Yeh, Yi-Chen and Liao, Wen-Yu and Chou, Teh-Ying and Chen, Nien-Jun and Hsiao, Michael and Yang, Wen-Bin and others},
  journal   = {Nature communications},
  title     = {CLEC5A is a critical receptor in innate immunity against Listeria infection},
  year      = {2017},
  number    = {1},
  pages     = {1--13},
  volume    = {8},
  publisher = {Nature Publishing Group},
}

@Article{wisdom1993proto,
  author    = {Wisdom, R and Verma, INDER M},
  journal   = {Molecular and cellular biology},
  title     = {Proto-oncogene FosB: the amino terminus encodes a regulatory function required for transformation},
  year      = {1993},
  number    = {5},
  pages     = {2635--2643},
  volume    = {13},
  publisher = {Am Soc Microbiol},
}

@Article{robinson2010scaling,
  author    = {Robinson, Mark D and Oshlack, Alicia},
  journal   = {Genome biology},
  title     = {A scaling normalization method for differential expression analysis of RNA-seq data},
  year      = {2010},
  number    = {3},
  pages     = {1--9},
  volume    = {11},
  publisher = {BioMed Central},
}

@Article{li2010rna,
  author    = {Li, Bo and Ruotti, Victor and Stewart, Ron M and Thomson, James A and Dewey, Colin N},
  journal   = {Bioinformatics},
  title     = {{RNA}-seq gene expression estimation with read mapping uncertainty},
  year      = {2010},
  number    = {4},
  pages     = {493--500},
  volume    = {26},
  publisher = {Oxford University Press},
}

@Article{Teng2016,
  author    = {Mingxiang Teng and Michael I. Love and Carrie A. Davis and Sarah Djebali and Alexander Dobin and Brenton R. Graveley and Sheng Li and Christopher E. Mason and Sara Olson and Dmitri Pervouchine and Cricket A. Sloan and Xintao Wei and Lijun Zhan and Rafael A. Irizarry},
  journal   = {Genome Biology},
  title     = {A benchmark for {RNA}-seq quantification pipelines},
  year      = {2016},
  month     = {apr},
  number    = {1},
  volume    = {17},
  groups    = {RNAseq reviews},
  publisher = {Springer Science and Business Media {LLC}},
}

@Article{cohen2005jak,
  author    = {Cohen, Shenhav and Dovrat, Sara and Sarid, Ronit and Huberman, Eliezer and Salzberg, Samuel},
  journal   = {Leukemia research},
  title     = {JAK--STAT signaling involved in phorbol 12-myristate 13-acetate-and dimethyl sulfoxide-induced 2'-5' oligoadenylate synthetase expression in human HL-60 leukemia cells},
  year      = {2005},
  number    = {8},
  pages     = {923--931},
  volume    = {29},
  publisher = {Elsevier},
}

@Comment{jabref-meta: databaseType:bibtex;}

@Comment{jabref-meta: grouping:
0 AllEntriesGroup:;
1 StaticGroup:RNAseq reviews\;0\;0\;0xff0000ff\;\;\;;
1 StaticGroup:Misc\;0\;1\;0x008080ff\;\;\;;
1 StaticGroup:Tools\;0\;0\;0x008000ff\;\;\;;
}

% This file was created with JabRef 2.9.2.
% Encoding: ISO8859_1

% Order alphabetically
% Make sure all are consistent -- e.g. either all have Month or None do
% Use something like https://flamingtempura.github.io/bibtex-tidy/ to clean all your bibtex entries
